@Book{Schneier,
   author={Bruce Schneier},
   title={Applied Cryptography}
}

@INTERNET{qpsk-circuits,
      title={Quadrature Phase Shift Keying}, 
      url={https://www.tutorialspoint.com/digital_communication/digital_communication_quadrature_phase_shift_keying.htm#},
      primaryClass={quant-ph}
}

